<record xmlns="http://www.loc.gov/MARC21/slim" xmlns:xsi="http://www.w3.org/2001/XMLSchema-instance" xsi:schemaLocation="http://www.loc.gov/MARC21/slim http://www.loc.gov/standards/marcxml/schema/MARC21slim.xsd"><leader>02210nam a2200385   4500</leader><controlfield tag="001">3063327</controlfield><controlfield tag="003">NNC</controlfield><controlfield tag="006">m        d        </controlfield><controlfield tag="007">cr cn |||m|||a</controlfield><controlfield tag="008">150110s1947    le      o     000 0 ara d</controlfield><datafield ind1=" " ind2=" " tag="040"><subfield code="a">NNU</subfield><subfield code="b">eng</subfield><subfield code="c">NNU</subfield></datafield><datafield ind1=" " ind2="4" tag="050"><subfield code="a">BP179.M8</subfield><subfield code="b">Y15</subfield></datafield><datafield ind1="1" ind2=" " tag="110"><subfield code="a">Lebanon.</subfield></datafield><datafield ind1="1" ind2="0" tag="245"><subfield code="6">880-01</subfield><subfield code="a">Qa&#772;nu&#772;n al-waqf al-dhurri&#772; wa-mas&#803;a&#772;diruhu al-shar&#699;i&#772;yah fi&#772; Lubna&#772;n</subfield><subfield code="h">[electronic resource] /</subfield><subfield code="c">ta&#700;li&#772;f Zuhdi&#772; Yeken.</subfield></datafield><datafield ind1=" " ind2=" " tag="260"><subfield code="6">880-02</subfield><subfield code="a">Bayru&#772;t :</subfield><subfield code="b">Maktabat S&#803;a&#772;dir,</subfield><subfield code="c">[1947]</subfield></datafield><datafield ind1=" " ind2=" " tag="300"><subfield code="a">online resource (83 p.)</subfield></datafield><datafield ind1=" " ind2=" " tag="500"><subfield code="a">"Yah&#803;tawi&#772; &#699;ala&#772; maba&#772;h&#803;ith al-waqf wa&#700;an-wa&#772;&#699;ihi&#772; al-mukhtalifah bis&#803;u&#772;rah &#699;amali&#772;yah ma&#699;a muqa&#772;ranatihi&#772; bi-al-madha&#772;hib al-arba&#699;ah al-isla&#772;mi&#772;yah watafsi&#772;l &#699;amali&#772; liqa&#772;nu&#772;n al-waqf al-dhurri&#772;."</subfield></datafield><datafield ind1=" " ind2=" " tag="500"><subfield code="a">Part of the Arabic Collections Online (ACO) project, contributed by Columbia University Libraries.</subfield></datafield><datafield ind1=" " ind2=" " tag="533"><subfield code="a">Electronic reproduction.</subfield><subfield code="b">New York, N.Y. :</subfield><subfield code="c">New York University,</subfield><subfield code="d">2015.</subfield><subfield code="5">NNU</subfield></datafield><datafield ind1=" " ind2="0" tag="650"><subfield code="a">Charitable uses, trusts, and foundations (Islamic law)</subfield></datafield><datafield ind1=" " ind2="0" tag="650"><subfield code="a">Charitable uses, trusts, and foundations</subfield><subfield code="z">Lebanon.</subfield></datafield><datafield ind1=" " ind2="7" tag="650"><subfield code="a">Charitable uses, trusts, and foundations.</subfield><subfield code="2">fast</subfield><subfield code="0">(OCoLC)fst00852380</subfield></datafield><datafield ind1=" " ind2="7" tag="650"><subfield code="a">Charitable uses, trusts, and foundations (Islamic law)</subfield><subfield code="2">fast</subfield><subfield code="0">(OCoLC)fst00852398</subfield></datafield><datafield ind1=" " ind2="7" tag="651"><subfield code="a">Lebanon.</subfield><subfield code="2">fast</subfield><subfield code="0">(OCoLC)fst01206063</subfield></datafield><datafield ind1="1" ind2=" " tag="700"><subfield code="6">880-03</subfield><subfield code="a">Yakan, Zuhdi&#772;.</subfield></datafield><datafield ind1="2" ind2=" " tag="710"><subfield code="a">Columbia University.</subfield><subfield code="b">Libraries.</subfield></datafield><datafield ind1="0" ind2=" " tag="730"><subfield code="a">Arabic Collections Online.</subfield></datafield><datafield ind1="0" ind2="8" tag="776"><subfield code="i">Online version:</subfield><subfield code="a">Lebanon.</subfield><subfield code="t">Qa&#772;nu&#772;n al-waqf al-dhurri&#772; wa-mas&#803;a&#772;diruhu&#772; al-shar&#699;i&#772;yah fi&#772; Lubna&#772;n.</subfield><subfield code="d">Bayru&#772;t , Maktabat S&#803;a&#772;dir, [1947]</subfield><subfield code="w">(OCoLC)763144657</subfield></datafield><datafield ind1="0" ind2="8" tag="776"><subfield code="i">Print version:</subfield><subfield code="a">Lebanon.</subfield><subfield code="t">Qa&#772;nu&#772;n al-waqf al-dhurri&#772; wa-mas&#803;a&#772;diruhu al-shar&#699;i&#772;yah fi&#772; Lubna&#772;n</subfield><subfield code="w">(NNC)3063327</subfield><subfield code="w">(OCoLC)47757597</subfield></datafield><datafield ind1="4" ind2="0" tag="856"><subfield code="u">http://hdl.handle.net/2333.1/k3j9kfz2</subfield></datafield><datafield ind1="1" ind2="0" tag="880"><subfield code="6">245-01/r</subfield><subfield code="a">&#1602;&#1575;&#1606;&#1608;&#1606; &#1575;&#1604;&#1608;&#1602;&#1601; &#1575;&#1604;&#1584;&#1585;&#1610; &#1608;&#1605;&#1589;&#1575;&#1583;&#1585;&#1607; &#1575;&#1604;&#1588;&#1585;&#1593;&#1610;&#1577; &#1601;&#1610; &#1604;&#1576;&#1606;&#1575;&#1606; /</subfield><subfield code="c">&#1578;&#1571;&#1604;&#1610;&#1601; &#1586;&#1607;&#1583;&#1610; &#1610;&#1603;&#1606;.</subfield></datafield><datafield ind1=" " ind2=" " tag="880"><subfield code="6">260-02/r</subfield><subfield code="a">&#1576;&#1610;&#1585;&#1608;&#1578; :</subfield><subfield code="b">&#1605;&#1603;&#1578;&#1576;&#1577; &#1589;&#1575;&#1583;&#1585;&#1548;</subfield><subfield code="c">[1947]</subfield></datafield><datafield ind1="1" ind2=" " tag="880"><subfield code="6">700-03/r</subfield><subfield code="a">&#1610;&#1603;&#1606;&#1548; &#1586;&#1607;&#1583;&#1610;.</subfield></datafield><datafield ind1=" " ind2=" " tag="959"><subfield code="a">NNU</subfield><subfield code="b">WEB</subfield><subfield code="c">GENI</subfield><subfield code="t">0</subfield><subfield code="m">Electronic access</subfield><subfield code="s">01</subfield></datafield><datafield ind1=" " ind2=" " tag="999"><subfield code="i">NNC_3063327</subfield><subfield code="o">(OCoLC)47757597</subfield><subfield code="e">OK</subfield></datafield></record>